
@article{gutermuth_picards_nodate,
	title = {Picard’s Existence and Uniqueness Theorem},
	pages = {1-7},
	author = {Gutermuth, Denise},
	langid = {english},
	file = {Gutermuth - Picard’s Existence and Uniqueness Theorem.pdf:/Users/rickeyhuang/Zotero/storage/WKZHWM7F/Gutermuth - Picard’s Existence and Uniqueness Theorem.pdf:application/pdf},
}

@book{r_kent_nagle_fundamentals_2011,
	location = {Boston, {MA}},
	edition = {6th},
	title = {Fundamentals of Differential Equations and Boundary Value Problems (6th Edition)},
	isbn = {978-0-321-74774-7},
	pagetotal = {783-786},
	publisher = {Pearson Education, Inc.},
	author = {{R. Kent Nagle} and {Edward B. Saff} and {David Snider}},
	date = {2011},
}


@article{santiago_canez_notes_nodate,
	title = {Notes on Metric Spaces},
	url = {https://sites.math.northwestern.edu/~scanez/courses/320/notes/metric-spaces.pdf},
	journaltitle = {Northwestern University},
	author = {{Santiago Cañez}},
}